<record><leader>00000cas a22000007a 4500</leader><controlfield tag="001">38245139</controlfield><controlfield tag="008">980122c19889999meusr ne      0    0eng d</controlfield><datafield ind1=" " ind2=" " tag="010"><subfield code="a">sn 97069040 </subfield></datafield><datafield ind1=" " ind2=" " tag="040"><subfield code="a">MBN</subfield><subfield code="b">eng</subfield><subfield code="c">MBN</subfield><subfield code="d">OCLCQ</subfield><subfield code="d">OCLCF</subfield><subfield code="d">OCLCO</subfield></datafield><datafield ind1=" " ind2=" " tag="019"><subfield code="a">77522958</subfield></datafield><datafield ind1="1" ind2=" " tag="029"><subfield code="a">AU@</subfield><subfield code="b">000013708240</subfield></datafield><datafield ind1=" " ind2=" " tag="042"><subfield code="a">msc</subfield></datafield><datafield ind1=" " ind2=" " tag="043"><subfield code="a">n-us-me</subfield></datafield><datafield ind1="0" ind2="0" tag="245"><subfield code="a">Cape courier.</subfield></datafield><datafield ind1=" " ind2=" " tag="260"><subfield code="a">Cape Elizabeth, Me. :</subfield><subfield code="b">Janice Soland, Ellen Van Fleet</subfield></datafield><datafield ind1=" " ind2=" " tag="300"><subfield code="a">v.</subfield></datafield><datafield ind1=" " ind2=" " tag="310"><subfield code="a">Semimonthly</subfield></datafield><datafield ind1="0" ind2=" " tag="362"><subfield code="a">Vol. 1, no. 1 (Mar. 5, 1988)-</subfield></datafield><datafield ind1=" " ind2=" " tag="500"><subfield code="a">"Published primarily by volunteers as a community service."</subfield></datafield><datafield ind1=" " ind2=" " tag="515"><subfield code="a">Irregular numbering system: June-Aug., 1989.</subfield></datafield><datafield ind1=" " ind2="0" tag="651"><subfield code="a">Cape Elizabeth (Me.)</subfield><subfield code="v">Newspapers.</subfield></datafield><datafield ind1=" " ind2="7" tag="655"><subfield code="a">Newspapers.</subfield><subfield code="2">fast</subfield><subfield code="0">(OCoLC)fst01423814</subfield></datafield><datafield ind1=" " ind2="7" tag="651"><subfield code="a">Maine</subfield><subfield code="z">Cape Elizabeth.</subfield><subfield code="2">fast</subfield><subfield code="0">(OCoLC)fst01229883</subfield></datafield><datafield ind1=" " ind2=" " tag="752"><subfield code="a">United States</subfield><subfield code="b">Maine</subfield><subfield code="c">Cumberland</subfield><subfield code="d">Cape Elizabeth.</subfield></datafield></record>